@MISC{kolosov2024polynomial,
    author = {Petro Kolosov},
    title = {{Polynomial identities involving Central Factorial numbers.}},
    howpublished = {Published electronically at \url{https://github.com/kolosovpetro/PolynomialIdentitiesInvolvingCentralFactorialNumbers}},
    year = {2024}
}
