@misc{scheuer2020mathstackexchange,
    title = {{MathStackExchange answer 3665722/463487}},
    author = {{Scheuer, Markus}},
    journal = {{MathStackExchange https://math.stackexchange.com/a/3665722/463487}},
    number = {3665722/463487},
    howpublished = {Published electronically at \url{https://math.stackexchange.com/a/3665722/463487}},
    year = {2020}
}

@article{knuth1993johann,
    title = {{Johann Faulhaber and sums of powers}},
    author = {{Knuth, Donald E.}},
    journal = {{Mathematics of Computation}},
    volume = {61},
    number = {203},
    pages = {277--294},
    year = {1993},
    note = {\url{https://arxiv.org/abs/math/9207222}},
}

@misc{kolosov2018coefficients,
    title = {{Coefficients in the sum of odd powers as expressed by Faulhaber’s theorem, Entry A303675 in The On-Line Encyclopedia of Integer Sequences}},
    author = {{Kolosov, Petro and Luschny, Peter}},
    journal = {The On-Line Encyclopedia of Integer Sequences},
    number = {A303675},
    howpublished = {Published electronically at \url{https://oeis.org/A303675}},
    year = {2018}
}

@book{riordan1968combinatorial,
    title = {{Combinatorial Identities}},
    author = {Riordan, J.},
    lccn = {67031375},
    series = {{Wiley series in probability and mathematical statistics}},
    url = {https://books.google.pl/books?id=X6ccBWwECP8C},
    year = {1968},
    publisher = {Wiley}
}

@article{carlitz_riordan_1963,
    title = {{The Divided Central Differences of Zero}},
    volume = {15},
    DOI = {10.4153/CJM-1963-010-8},
    journal = {{Canadian Journal of Mathematics}},
    publisher = {Cambridge University Press},
    author = {Carlitz, L. and Riordan, John},
    year = {1963},
    pages = {94–100}
}

@book{steffensen1927interpolation,
    title = {Interpolation},
    author = {Steffensen, Johan Frederik},
    year = {1927},
    publisher = {Williams \& Wilkins}
}

@misc{sloane2000centralfactorial,
    title = {{Triangle of central factorial numbers, Entry A008957 in The On-Line Encyclopedia of Integer Sequences}},
    author = {{Sloane, N. J. A.}},
    journal = {The On-Line Encyclopedia of Integer Sequences},
    number = {A008957},
    howpublished = {Published electronically at \url{https://oeis.org/A008957}},
    year = {2000}
}

@book{gross2016combinatorial,
    title = {{Combinatorial methods with computer applications}},
    author = {Gross, Jonathan L.},
    year = {2016},
    publisher = {{CRC Press}},
    note = {\url{https://kolosovpetro.github.io/pdf/CM4.pdf}}
}

@misc{sloane2000triangle,
    title = {{Triangle of central factorial numbers, Entry A036969 in The On-Line Encyclopedia of Integer Sequences}},
    author = {{Sloane, N. J. A.}},
    journal = {{The On-Line Encyclopedia of Integer Sequences}},
    number = {A036969},
    howpublished = {Published electronically at \url{https://oeis.org/A036969}},
    year = {2000}
}
